@book{hatcher2005algebraic,
  title  = {Algebraic topology},
  author = {Hatcher, Allen},
  year   = {2005}
}

@book{spanier1989algebraic,
  title     = {Algebraic topology},
  author    = {Spanier, Edwin H},
  year      = {1989},
  publisher = {Springer Science \& Business Media}
}

@book{dieck2008algebraic,
  title={Algebraic Topology},
  author={Dieck, Tammo tom},
  year={2008},
  publisher={European Mathematical Society}
}

@book{key,
  author         = {Fomenko, Anatoly and Fuchs, Dmitry},
  publisher      = {Springer Cham},
  title          = {Homotopical Topology},
  year           = {2016}
}

@article{leinster2016basic,
  title={Basic category theory},
  author={Leinster, Tom},
  journal={arXiv preprint arXiv:1612.09375},
  year={2016}
}

