@book{hatcher2005algebraic,
  title  = {Algebraic topology},
  author = {Hatcher, Allen},
  year   = {2005}
}
