@book{dieck2008algebraic,
  title     = {Algebraic Topology},
  author    = {Dieck, Tammo tom},
  year      = {2008},
  publisher = {European Mathematical Society}
}
