@article{chazal21,
  author  = {Chazal, Frédéric and Michel, Bertrand},
  title   = {An Introduction to Topological Data Analysis: Fundamental and Practical Aspects for Data Scientists},
  journal = {Frontiers in Artificial Intelligence},
  volume  = {4},
  year    = {2021},
  doi     = {https://doi.org/10.3389/frai.2021.667963}
}

@article{goldfarb14,
  title   = {An Application of Topological Data Analysis to Hockey Analytics},
  author  = {Daniel Goldfarb},
  year    = {2014},
  doi     = {https://doi.org/10.48550/arXiv.1409.7635},
  journal = {arXiv preprint arXiv:1409.7635}
}

@article{watanabe21,
  title         = {Topological Measurement of Deep Neural Networks Using Persistent Homology},
  author        = {Satoru Watanabe and Hayato Yamana},
  year          = {2021},
  eprint        = {2106.03016},
  archiveprefix = {arXiv},
  primaryclass  = {cs.LG}
}


@article{heydenreich21,
  author  = {Heydenreich, Sven and Brück, Benjamin and Harnois-Déraps, Joachim},
  title   = {Persistent homology in cosmic shear: Constraining parameters with topological data analysis},
  doi     = {https://doi.org/10.1051/0004-6361/202039048},
  journal = {Astronomy \& Astrophysics,},
  year    = 2021,
  volume  = 648,
  pages   = {A74}
}

@article{Nicolau11,
  title   = {Topology based data analysis identifies a subgroup of breast cancers with a unique mutational profile and excellent survival},
  author  = {Nicolau, Monica and Levine, Arnold J and Carlsson, Gunnar},
  journal = {Proceedings of the National Academy of Sciences},
  volume  = 108,
  number  = 17,
  pages   = {7265--7270},
  year    = 2011,
  doi     = {https://doi.org/10.1073/pnas.1102826108}
}

@article{oyama19,
  title   = {Hepatic tumor classification using texture and topology analysis of non-contrast-enhanced three-dimensional T1-weighted {MR} images with a radiomics approach},
  author  = {Oyama, Asuka and Hiraoka, Yasuaki and Obayashi, Ippei and Saikawa, Yusuke and Furui, Shigeru and Shiraishi, Kenshiro and Kumagai, Shinobu and Hayashi, Tatsuya and Kotoku, Jun'ichi},
  journal = {Scientific Reports},
  volume  = 9,
  number  = 1,
  pages   = {8764},
  year    = 2019,
  doi     = {https://doi.org/10.1038/s41598-019-45283-z}
}

@article{yen21,
  author  = {Yen, Peter Tsung-Wen and Cheong, Siew Ann},
  title   = {Using Topological Data Analysis (TDA) and Persistent Homology to Analyze the Stock Markets in Singapore and Taiwan},
  journal = {Frontiers in Physics},
  volume  = {9},
  year    = {2021},
  doi     = {https://doi.org/10.3389/fphy.2021.572216}
}

